{
  "leader": "03226cas a2200685 a 4500",
  "fields": [
    {
      "001": "ocm16638324\\"
    },
    {
      "003": "OCoLC"
    },
    {
      "005": "20211119104404.0"
    },
    {
      "008": "870903c19889999nyumr\\p\\\\\\\\\\\\\\0\\\\\\a0eng\\c"
    },
    {
      "010": {
        "ind1": "\\",
        "ind2": "\\",
        "subfields": [
          {
            "a": "   88640924 "
          },
          {
            "z": "sn 87002447 "
          }
        ]
      }
    },
    {
      "040": {
        "ind1": "\\",
        "ind2": "\\",
        "subfields": [
          {
            "a": "NSD"
          },
          {
            "b": "eng"
          },
          {
            "c": "NSD"
          },
          {
            "d": "DLC"
          },
          {
            "d": "NLM"
          },
          {
            "d": "NYG"
          },
          {
            "d": "NST"
          },
          {
            "d": "NSD"
          },
          {
            "d": "NST"
          },
          {
            "d": "HUL"
          },
          {
            "d": "DLC"
          },
          {
            "d": "NST"
          },
          {
            "d": "NSD"
          },
          {
            "d": "NST"
          },
          {
            "d": "NSD"
          },
          {
            "d": "EBZ"
          },
          {
            "d": "CUS"
          },
          {
            "d": "LVB"
          },
          {
            "d": "OCLCQ"
          },
          {
            "d": "GUA"
          },
          {
            "d": "OCLCQ"
          },
          {
            "d": "NLGGC"
          },
          {
            "d": "CLU"
          },
          {
            "d": "CUS"
          },
          {
            "d": "OCLCQ"
          },
          {
            "d": "UKMGB"
          },
          {
            "d": "OCLCQ"
          },
          {
            "d": "IUL"
          },
          {
            "d": "OCLCF"
          },
          {
            "d": "OCLCO"
          },
          {
            "d": "EUW"
          },
          {
            "d": "OCLCO"
          },
          {
            "d": "OCLCQ"
          },
          {
            "d": "OCLCO"
          },
          {
            "d": "OCLCA"
          },
          {
            "d": "GILDS"
          },
          {
            "d": "OCLCA"
          },
          {
            "d": "L2U"
          },
          {
            "d": "OCLCO"
          }
        ]
      }
    },
    {
      "012": {
        "ind1": "\\",
        "ind2": "\\",
        "subfields": [
          {
            "a": "3"
          },
          {
            "k": "1"
          },
          {
            "l": "1"
          },
          {
            "m": "1"
          }
        ]
      }
    },
    {
      "016": {
        "ind1": "7",
        "ind2": "\\",
        "subfields": [
          {
            "a": "8801383"
          },
          {
            "2": "DNLM"
          }
        ]
      }
    },
    {
      "016": {
        "ind1": "7",
        "ind2": "\\",
        "subfields": [
          {
            "a": "SR0061216"
          },
          {
            "2": "DNLM"
          }
        ]
      }
    },
    {
      "016": {
        "ind1": "7",
        "ind2": "\\",
        "subfields": [
          {
            "a": "010488625"
          },
          {
            "2": "Uk"
          }
        ]
      }
    },
    {
      "019": {
        "ind1": "\\",
        "ind2": "\\",
        "subfields": [
          {
            "a": "187310152"
          },
          {
            "a": "977225331"
          },
          {
            "a": "1003622627"
          },
          {
            "a": "1011778253"
          },
          {
            "a": "1049719204"
          },
          {
            "a": "1054970274"
          },
          {
            "a": "1060559081"
          },
          {
            "a": "1066901866"
          },
          {
            "a": "1112832243"
          },
          {
            "a": "1160106045"
          }
        ]
      }
    },
    {
      "022": {
        "ind1": "\\",
        "ind2": "\\",
        "subfields": [
          {
            "a": "0895-4356"
          },
          {
            "l": "0895-4356"
          },
          {
            "2": "z"
          }
        ]
      }
    },
    {
      "030": {
        "ind1": "\\",
        "ind2": "\\",
        "subfields": [
          {
            "a": "JCEPEE"
          },
          {
            "z": "JOCDAE"
          }
        ]
      }
    },
    {
      "032": {
        "ind1": "\\",
        "ind2": "\\",
        "subfields": [
          {
            "a": "007526"
          },
          {
            "b": "USPS"
          }
        ]
      }
    },
    {
      "035": {
        "ind1": "\\",
        "ind2": "\\",
        "subfields": [
          {
            "a": "(OCoLC)16638324"
          },
          {
            "z": "(OCoLC)187310152"
          },
          {
            "z": "(OCoLC)977225331"
          },
          {
            "z": "(OCoLC)1003622627"
          },
          {
            "z": "(OCoLC)1011778253"
          },
          {
            "z": "(OCoLC)1049719204"
          },
          {
            "z": "(OCoLC)1054970274"
          },
          {
            "z": "(OCoLC)1060559081"
          },
          {
            "z": "(OCoLC)1066901866"
          },
          {
            "z": "(OCoLC)1112832243"
          },
          {
            "z": "(OCoLC)1160106045"
          }
        ]
      }
    },
    {
      "042": {
        "ind1": "\\",
        "ind2": "\\",
        "subfields": [
          {
            "a": "nsdp"
          },
          {
            "a": "pcc"
          }
        ]
      }
    },
    {
      "050": {
        "ind1": "0",
        "ind2": "0",
        "subfields": [
          {
            "a": "RB156"
          },
          {
            "b": ".J6"
          }
        ]
      }
    },
    {
      "060": {
        "ind1": "0",
        "ind2": "0",
        "subfields": [
          {
            "a": "W1"
          },
          {
            "b": "JO588CJ"
          }
        ]
      }
    },
    {
      "082": {
        "ind1": "0",
        "ind2": "4",
        "subfields": [
          {
            "a": "614"
          },
          {
            "b": "JOU"
          }
        ]
      }
    },
    {
      "210": {
        "ind1": "0",
        "ind2": "\\",
        "subfields": [
          {
            "a": "J. clin. epidemiol."
          }
        ]
      }
    },
    {
      "210": {
        "ind1": "1",
        "ind2": "0",
        "subfields": [
          {
            "a": "J Clin Epidemoil"
          },
          {
            "2": "dnlm"
          }
        ]
      }
    },
    {
      "222": {
        "ind1": "\\",
        "ind2": "0",
        "subfields": [
          {
            "a": "Journal of clinical epidemiology"
          }
        ]
      }
    },
    {
      "245": {
        "ind1": "0",
        "ind2": "0",
        "subfields": [
          {
            "a": "Journal of clinical epidemiology."
          }
        ]
      }
    },
    {
      "246": {
        "ind1": "1",
        "ind2": "3",
        "subfields": [
          {
            "a": "JCE"
          }
        ]
      }
    },
    {
      "260": {
        "ind1": "\\",
        "ind2": "\\",
        "subfields": [
          {
            "a": "Oxford ;"
          },
          {
            "a": "New York :"
          },
          {
            "b": "Pergamon Press,"
          },
          {
            "c": "\u00a91988-"
          }
        ]
      }
    },
    {
      "300": {
        "ind1": "\\",
        "ind2": "\\",
        "subfields": [
          {
            "a": "volumes :"
          },
          {
            "b": "illustrations ;"
          },
          {
            "c": "27 cm"
          }
        ]
      }
    },
    {
      "310": {
        "ind1": "\\",
        "ind2": "\\",
        "subfields": [
          {
            "a": "Monthly"
          }
        ]
      }
    },
    {
      "336": {
        "ind1": "\\",
        "ind2": "\\",
        "subfields": [
          {
            "a": "text"
          },
          {
            "b": "txt"
          },
          {
            "2": "rdacontent"
          }
        ]
      }
    },
    {
      "337": {
        "ind1": "\\",
        "ind2": "\\",
        "subfields": [
          {
            "a": "unmediated"
          },
          {
            "b": "n"
          },
          {
            "2": "rdamedia"
          }
        ]
      }
    },
    {
      "338": {
        "ind1": "\\",
        "ind2": "\\",
        "subfields": [
          {
            "a": "volume"
          },
          {
            "b": "nc"
          },
          {
            "2": "rdacarrier"
          }
        ]
      }
    },
    {
      "362": {
        "ind1": "0",
        "ind2": "\\",
        "subfields": [
          {
            "a": "Vol. 41, no. 1 (1988)-"
          }
        ]
      }
    },
    {
      "500": {
        "ind1": "\\",
        "ind2": "\\",
        "subfields": [
          {
            "a": "Title from cover."
          }
        ]
      }
    },
    {
      "500": {
        "ind1": "\\",
        "ind2": "\\",
        "subfields": [
          {
            "a": "Published: New York, NY : Elsevier, <2008->"
          }
        ]
      }
    },
    {
      "510": {
        "ind1": "2",
        "ind2": "\\",
        "subfields": [
          {
            "a": "Chemical abstracts"
          },
          {
            "x": "0009-2258"
          },
          {
            "b": "1988-"
          }
        ]
      }
    },
    {
      "525": {
        "ind1": "\\",
        "ind2": "\\",
        "subfields": [
          {
            "a": "Supplements accompany some issues."
          }
        ]
      }
    },
    {
      "530": {
        "ind1": "\\",
        "ind2": "\\",
        "subfields": [
          {
            "a": "Also issued in microform."
          }
        ]
      }
    },
    {
      "550": {
        "ind1": "\\",
        "ind2": "\\",
        "subfields": [
          {
            "a": "Official journal of the International Clinical Epidemiology Network, <2008->"
          }
        ]
      }
    },
    {
      "588": {
        "ind1": "\\",
        "ind2": "\\",
        "subfields": [
          {
            "a": "Latest issue consulted: Vol. 61, no. 3 (Mar. 2008)."
          }
        ]
      }
    },
    {
      "650": {
        "ind1": "\\",
        "ind2": "0",
        "subfields": [
          {
            "a": "Chronic diseases"
          },
          {
            "v": "Periodicals."
          }
        ]
      }
    },
    {
      "650": {
        "ind1": "\\",
        "ind2": "0",
        "subfields": [
          {
            "a": "Epidemiology"
          },
          {
            "v": "Periodicals."
          }
        ]
      }
    },
    {
      "650": {
        "ind1": "\\",
        "ind2": "7",
        "subfields": [
          {
            "a": "Chronic diseases."
          },
          {
            "2": "fast"
          },
          {
            "0": "(OCoLC)fst00860072"
          }
        ]
      }
    },
    {
      "650": {
        "ind1": "\\",
        "ind2": "7",
        "subfields": [
          {
            "a": "Epidemiology."
          },
          {
            "2": "fast"
          },
          {
            "0": "(OCoLC)fst00914091"
          }
        ]
      }
    },
    {
      "650": {
        "ind1": "1",
        "ind2": "2",
        "subfields": [
          {
            "a": "Epidemiology."
          }
        ]
      }
    },
    {
      "655": {
        "ind1": "\\",
        "ind2": "7",
        "subfields": [
          {
            "a": "Periodicals."
          },
          {
            "2": "fast"
          },
          {
            "0": "(OCoLC)fst01411641"
          }
        ]
      }
    },
    {
      "655": {
        "ind1": "\\",
        "ind2": "7",
        "subfields": [
          {
            "a": "Periodicals."
          },
          {
            "2": "lcgft"
          }
        ]
      }
    },
    {
      "655": {
        "ind1": "\\",
        "ind2": "2",
        "subfields": [
          {
            "a": "Periodical."
          }
        ]
      }
    },
    {
      "710": {
        "ind1": "2",
        "ind2": "\\",
        "subfields": [
          {
            "a": "INCLEN, Inc."
          }
        ]
      }
    },
    {
      "776": {
        "ind1": "0",
        "ind2": "8",
        "subfields": [
          {
            "i": "Online version:"
          },
          {
            "t": "Journal of clinical epidemiology (Online)"
          },
          {
            "x": "1878-5921"
          },
          {
            "w": "(DLC)  2003233152"
          },
          {
            "w": "(OCoLC)38933531"
          }
        ]
      }
    },
    {
      "776": {
        "ind1": "0",
        "ind2": "8",
        "subfields": [
          {
            "i": "Online version:"
          },
          {
            "t": "Journal of clinical epidemiology"
          },
          {
            "w": "(OCoLC)752466738"
          }
        ]
      }
    },
    {
      "780": {
        "ind1": "0",
        "ind2": "0",
        "subfields": [
          {
            "t": "Journal of chronic diseases"
          },
          {
            "x": "0021-9681"
          },
          {
            "w": "(DLC)   56017826"
          },
          {
            "w": "(OCoLC)1754500"
          }
        ]
      }
    },
    {
      "850": {
        "ind1": "\\",
        "ind2": "\\",
        "subfields": [
          {
            "a": "AU"
          },
          {
            "a": "AzTeS"
          },
          {
            "a": "CLSU"
          },
          {
            "a": "CSt-L"
          },
          {
            "a": "CU"
          },
          {
            "a": "CU-AM"
          },
          {
            "a": "CU-Riv"
          },
          {
            "a": "CaMWM"
          },
          {
            "a": "CaOKQH"
          },
          {
            "a": "CaOTU"
          },
          {
            "a": "CaOWA"
          },
          {
            "a": "CaSSUM"
          },
          {
            "a": "CoFS"
          },
          {
            "a": "CtY-M"
          },
          {
            "a": "DLC"
          },
          {
            "a": "DNLM"
          },
          {
            "a": "DeU"
          },
          {
            "a": "FU-HC"
          },
          {
            "a": "GASU"
          },
          {
            "a": "ICU"
          },
          {
            "a": "ICarbS"
          },
          {
            "a": "IU-M"
          },
          {
            "a": "IaAS"
          },
          {
            "a": "IaU"
          },
          {
            "a": "InLP"
          },
          {
            "a": "KyU-M"
          },
          {
            "a": "MBCo"
          },
          {
            "a": "MBU"
          },
          {
            "a": "MBU-M"
          },
          {
            "a": "MdU"
          },
          {
            "a": "MdU-H"
          },
          {
            "a": "MiEM"
          },
          {
            "a": "MoSW-M"
          },
          {
            "a": "N"
          },
          {
            "a": "NBC"
          },
          {
            "a": "NNU-M"
          },
          {
            "a": "NbU-M"
          },
          {
            "a": "NhU"
          },
          {
            "a": "NjR"
          },
          {
            "a": "OU"
          },
          {
            "a": "OrCS"
          },
          {
            "a": "OrU-S"
          },
          {
            "a": "PPC"
          },
          {
            "a": "PU-Med"
          },
          {
            "a": "TU"
          },
          {
            "a": "TU-M"
          },
          {
            "a": "TxHMC"
          },
          {
            "a": "UPB"
          },
          {
            "a": "ViBlbV"
          },
          {
            "a": "ViU-H"
          },
          {
            "a": "WaU"
          },
          {
            "a": "WyU"
          }
        ]
      }
    },
    {
      "856": {
        "ind1": "4",
        "ind2": "1",
        "subfields": [
          {
            "u": "http://www.sciencedirect.com/science/journal/08954356"
          }
        ]
      }
    },
    {
      "994": {
        "ind1": "\\",
        "ind2": "\\",
        "subfields": [
          {
            "a": "Z0"
          },
          {
            "b": "NYRVC"
          }
        ]
      }
    },
    {
      "948": {
        "ind1": "\\",
        "ind2": "\\",
        "subfields": [
          {
            "h": "NO HOLDINGS IN NYRVC - 421 OTHER HOLDINGS"
          }
        ]
      }
    },
    {
      "999": {
        "ind1": "\\",
        "ind2": "\\",
        "subfields": [
          {
            "a": "00000000017594"
          },
          {
            "v": "1991 volume 44 supplement 2"
          }
        ]
      }
    }
  ]
}